<?xml version="1.0" encoding="UTF-8"?><collection xmlns="http://www.loc.gov/MARC21/slim"><record><leader>00344nam--2200121-i-4500</leader><controlfield tag="001">000004054</controlfield><controlfield tag="002">20161230</controlfield><controlfield tag="005">20161230201025</controlfield><controlfield tag="008">060222s1000------------r-----000-0-eng-d</controlfield><datafield ind1=" " ind2=" " tag="100"><subfield code="a">Bell, D.A</subfield></datafield><datafield ind1=" " ind2=" " tag="245"><subfield code="a">Information theory and its engineering applica tions.2-nd edition</subfield></datafield><datafield ind1=" " ind2=" " tag="260"><subfield code="a">London, Isaac Pitman, 1957(Reprinted) Viii+174 P</subfield></datafield><datafield ind1=" " ind2=" " tag="852"><subfield code="a">12391</subfield></datafield></record></collection>